%% l2tabuen.bib for the English translation of l2tabu version 2.4

@book{kohm_guide_2018,
  title =	 {The Guide. {KOMA}-Script},
  url =
                  {http://ctan.org/tex-archive/macros/latex/contrib/koma-script/doc/scrguien.pdf},
  author =	 {Kohm, Markus},
  edition =	 {Version 3.25},
  date =	 {2018-03-30},
  urldate =	 {2018-04-25},
  language =	 {english}
}

@online{voss_wie_2009,
  title =	 {Wie gehe ich am besten vor, wenn ich eine bestehende
                  \LaTeX{}-Klasse ändern bzw. an meine eigenen
                  Vorgaben anpassen will?},
  url =		 {http://projekte.dante.de/DanteFAQ/Dokumentenklasse},
  titleaddon =	 {Deutsche (La){TeX}-{FAQ}},
  author =	 {Voß, Herbert},
  urldate =	 {2018-04-25},
  date =	 {2009-03-04},
  language =	 {german}
}